@article{lowe2004distinctive,
  title={Distinctive image features from scale-invariant keypoints},
  author={Lowe, David G},
  journal={International journal of computer vision},
  volume={60},
  number={2},
  pages={91--110},
  year={2004},
  publisher={Springer}
}

@book{russell2010artificial,
  title={Artificial intelligence a modern approach},
  author={Russell, Stuart J},
  year={2010},
  publisher={Pearson Education, Inc.}
}
@inproceedings{wengert2011bag,
  title={Bag-of-colors for improved image search},
  author={Wengert, Christian and Douze, Matthijs and J{\'e}gou, Herv{\'e}},
  booktitle={Proceedings of the 19th ACM international conference on Multimedia},
  pages={1437--1440},
  year={2011}
}

@inproceedings{wang2006large,
  title={Large-scale duplicate detection for web image search},
  author={Wang, Bin and Li, Zhiwei and Li, Mingjing and Ma, Wei-Ying},
  booktitle={2006 IEEE International Conference on Multimedia and Expo},
  pages={353--356},
  year={2006},
  organization={IEEE}
}
@inproceedings{cao2011edgel,
  title={Edgel index for large-scale sketch-based image search},
  author={Cao, Yang and Wang, Changhu and Zhang, Liqing and Zhang, Lei},
  booktitle={CVPR 2011},
  pages={761--768},
  year={2011},
  organization={IEEE}
}

@inproceedings{park2002fast,
  title={Fast content-based image retrieval using quasi-gabor filter and reduction of image feature dimension},
  author={Park, Mira and Jin, Jesse S and Wilson, Laurence S},
  booktitle={Proceedings fifth IEEE southwest symposium on image analysis and interpretation},
  pages={178--182},
  year={2002},
  organization={IEEE}
}
@article{wang2014content,
  title={Content-based image retrieval by integrating color and texture features},
  author={Wang, Xiang-Yang and Zhang, Bei-Bei and Yang, Hong-Ying},
  journal={Multimedia tools and applications},
  volume={68},
  number={3},
  pages={545--569},
  year={2014},
  publisher={Springer}
}
@article{wang2011interactive,
  title={Interactive image search by color map},
  author={Wang, Jingdong and Hua, Xian-Sheng},
  journal={ACM Transactions on Intelligent Systems and Technology (TIST)},
  volume={3},
  number={1},
  pages={1--23},
  year={2011},
  publisher={ACM New York, NY, USA}
}

@article{siagian2007rapid,
  title={Rapid biologically-inspired scene classification using features shared with visual attention},
  author={Siagian, Christian and Itti, Laurent},
  journal={IEEE transactions on pattern analysis and machine intelligence},
  volume={29},
  number={2},
  pages={300--312},
  year={2007},
  publisher={IEEE}
}
@article{zhou2017recent,
  title={Recent advance in content-based image retrieval: A literature survey},
  author={Zhou, Wengang and Li, Houqiang and Tian, Qi},
  journal={arXiv preprint arXiv:1706.06064},
  year={2017}
}
@article{friedman1979framing,
  title={Framing pictures: the role of knowledge in automatized encoding and memory for gist.},
  author={Friedman, Alinda},
  journal={Journal of experimental psychology: General},
  volume={108},
  number={3},
  pages={316},
  year={1979},
  publisher={American Psychological Association}
}
@inproceedings{torralba2003context,
  title={Context-based vision system for place and object recognition},
  author={Torralba, Antonio and Murphy, Kevin P and Freeman, William T and Rubin, Mark A},
  booktitle={Computer Vision, IEEE International Conference on},
  volume={2},
  pages={273--273},
  year={2003},
  organization={IEEE Computer Society}
}

@inproceedings{beaudet1978rotationally,
  title={Rotationally invariant image operators},
  author={Beaudet, Paul R},
  booktitle={Proc. 4th Int. Joint Conf. Pattern Recog, Tokyo, Japan, 1978},
  year={1978}
}
@inproceedings{sivic2003video,
  title={Video Google: A text retrieval approach to object matching in videos},
  author={Sivic, Josef and Zisserman, Andrew},
  booktitle={Computer Vision, IEEE International Conference on},
  volume={3},
  pages={1470--1470},
  year={2003},
  organization={IEEE Computer Society}
}
@article{matas2004robust,
  title={Robust wide-baseline stereo from maximally stable extremal regions},
  author={Matas, Jiri and Chum, Ondrej and Urban, Martin and Pajdla, Tom{\'a}s},
  journal={Image and vision computing},
  volume={22},
  number={10},
  pages={761--767},
  year={2004},
  publisher={Elsevier}
}
@inproceedings{philbin2007object,
  title={Object retrieval with large vocabularies and fast spatial matching},
  author={Philbin, James and Chum, Ondrej and Isard, Michael and Sivic, Josef and Zisserman, Andrew},
  booktitle={2007 IEEE conference on computer vision and pattern recognition},
  pages={1--8},
  year={2007},
  organization={IEEE}
}
@article{mikolajczyk2005comparison,
  title={A comparison of affine region detectors},
  author={Mikolajczyk, Krystian and Tuytelaars, Tinne and Schmid, Cordelia and Zisserman, Andrew and Matas, Jiri and Schaffalitzky, Frederik and Kadir, Timor and Gool, L Van},
  journal={International journal of computer vision},
  volume={65},
  number={1},
  pages={43--72},
  year={2005},
  publisher={Springer}
}
@article{lowe2004distinctive,
  title={Distinctive image features from scale-invariant keypoints},
  author={Lowe, David G},
  journal={International journal of computer vision},
  volume={60},
  number={2},
  pages={91--110},
  year={2004},
  publisher={Springer}
}
@article{mikolajczyk2004scale,
  title={Scale \& affine invariant interest point detectors},
  author={Mikolajczyk, Krystian and Schmid, Cordelia},
  journal={International journal of computer vision},
  volume={60},
  number={1},
  pages={63--86},
  year={2004},
  publisher={Springer}
}
@inproceedings{philbin2007object,
  title={Object retrieval with large vocabularies and fast spatial matching},
  author={Philbin, James and Chum, Ondrej and Isard, Michael and Sivic, Josef and Zisserman, Andrew},
  booktitle={2007 IEEE conference on computer vision and pattern recognition},
  pages={1--8},
  year={2007},
  organization={IEEE}
}
@article{rosten2008faster,
  title={Faster and better: A machine learning approach to corner detection},
  author={Rosten, Edward and Porter, Reid and Drummond, Tom},
  journal={IEEE transactions on pattern analysis and machine intelligence},
  volume={32},
  number={1},
  pages={105--119},
  year={2008},
  publisher={IEEE}
}
@inproceedings{ke2004pca,
  title={PCA-SIFT: A more distinctive representation for local image descriptors},
  author={Ke, Yan and Sukthankar, Rahul},
  booktitle={Proceedings of the 2004 IEEE Computer Society Conference on Computer Vision and Pattern Recognition, 2004. CVPR 2004.},
  volume={2},
  pages={II--II},
  year={2004},
  organization={IEEE}
}
@inproceedings{arandjelovic2012three,
  title={Three things everyone should know to improve object retrieval},
  author={Arandjelovi{\'c}, Relja and Zisserman, Andrew},
  booktitle={2012 IEEE conference on computer vision and pattern recognition},
  pages={2911--2918},
  year={2012},
  organization={IEEE}
}
@inproceedings{bay2006surf,
  title={Surf: Speeded up robust features},
  author={Bay, Herbert and Tuytelaars, Tinne and Van Gool, Luc},
  booktitle={European conference on computer vision},
  pages={404--417},
  year={2006},
  organization={Springer}
}
@article{lecun1989backpropagation,
  title={Backpropagation applied to handwritten zip code recognition},
  author={LeCun, Yann and Boser, Bernhard and Denker, John S and Henderson, Donnie and Howard, Richard E and Hubbard, Wayne and Jackel, Lawrence D},
  journal={Neural computation},
  volume={1},
  number={4},
  pages={541--551},
  year={1989},
  publisher={MIT Press}
}
@article{lecun1998gradient,
  title={Gradient-based learning applied to document recognition},
  author={LeCun, Yann and Bottou, L{\'e}on and Bengio, Yoshua and Haffner, Patrick},
  journal={Proceedings of the IEEE},
  volume={86},
  number={11},
  pages={2278--2324},
  year={1998},
  publisher={Ieee}
}
@article{krizhevsky2017imagenet,
  title={Imagenet classification with deep convolutional neural networks},
  author={Krizhevsky, Alex and Sutskever, Ilya and Hinton, Geoffrey E},
  journal={Communications of the ACM},
  volume={60},
  number={6},
  pages={84--90},
  year={2017},
  publisher={AcM New York, NY, USA}
}
@inproceedings{glorot2011deep,
  title={Deep sparse rectifier neural networks},
  author={Glorot, Xavier and Bordes, Antoine and Bengio, Yoshua},
  booktitle={Proceedings of the fourteenth international conference on artificial intelligence and statistics},
  pages={315--323},
  year={2011},
  organization={JMLR Workshop and Conference Proceedings}
}
@article{srivastava2014dropout,
  title={Dropout: a simple way to prevent neural networks from overfitting},
  author={Srivastava, Nitish and Hinton, Geoffrey and Krizhevsky, Alex and Sutskever, Ilya and Salakhutdinov, Ruslan},
  journal={The journal of machine learning research},
  volume={15},
  number={1},
  pages={1929--1958},
  year={2014},
  publisher={JMLR. org}
}
@article{simonyan2014very,
  title={Very deep convolutional networks for large-scale image recognition},
  author={Simonyan, Karen and Zisserman, Andrew},
  journal={arXiv preprint arXiv:1409.1556},
  year={2014}
}
@inproceedings{szegedy2015going,
  title={Going deeper with convolutions},
  author={Szegedy, Christian and Liu, Wei and Jia, Yangqing and Sermanet, Pierre and Reed, Scott and Anguelov, Dragomir and Erhan, Dumitru and Vanhoucke, Vincent and Rabinovich, Andrew},
  booktitle={Proceedings of the IEEE conference on computer vision and pattern recognition},
  pages={1--9},
  year={2015}
}
@inproceedings{he2016deep,
  title={Deep residual learning for image recognition},
  author={He, Kaiming and Zhang, Xiangyu and Ren, Shaoqing and Sun, Jian},
  booktitle={Proceedings of the IEEE conference on computer vision and pattern recognition},
  pages={770--778},
  year={2016}
}
@inproceedings{huang2017densely,
  title={Densely connected convolutional networks},
  author={Huang, Gao and Liu, Zhuang and Van Der Maaten, Laurens and Weinberger, Kilian Q},
  booktitle={Proceedings of the IEEE conference on computer vision and pattern recognition},
  pages={4700--4708},
  year={2017}
}
@inproceedings{hu2018squeeze,
  title={Squeeze-and-excitation networks},
  author={Hu, Jie and Shen, Li and Sun, Gang},
  booktitle={Proceedings of the IEEE conference on computer vision and pattern recognition},
  pages={7132--7141},
  year={2018}
}
@article{liu2022spatial,
  title={Spatial Channel Attention for Deep Convolutional Neural Networks},
  author={Liu, Tonglai and Luo, Ronghai and Xu, Longqin and Feng, Dachun and Cao, Liang and Liu, Shuangyin and Guo, Jianjun},
  journal={Mathematics},
  volume={10},
  number={10},
  pages={1750},
  year={2022},
  publisher={MDPI}
}
@inproceedings{zhang2018context,
  title={Context encoding for semantic segmentation},
  author={Zhang, Hang and Dana, Kristin and Shi, Jianping and Zhang, Zhongyue and Wang, Xiaogang and Tyagi, Ambrish and Agrawal, Amit},
  booktitle={Proceedings of the IEEE conference on Computer Vision and Pattern Recognition},
  pages={7151--7160},
  year={2018}
}
@inproceedings{gao2019global,
  title={Global second-order pooling convolutional networks},
  author={Gao, Zilin and Xie, Jiangtao and Wang, Qilong and Li, Peihua},
  booktitle={Proceedings of the IEEE/CVF Conference on Computer Vision and Pattern Recognition},
  pages={3024--3033},
  year={2019}
}
@inproceedings{yang2020gated,
  title={Gated channel transformation for visual recognition},
  author={Yang, Zongxin and Zhu, Linchao and Wu, Yu and Yang, Yi},
  booktitle={Proceedings of the IEEE/CVF conference on computer vision and pattern recognition},
  pages={11794--11803},
  year={2020}
}
@inproceedings{chen2019you,
  title={You look twice: Gaternet for dynamic filter selection in cnns},
  author={Chen, Zhourong and Li, Yang and Bengio, Samy and Si, Si},
  booktitle={Proceedings of the IEEE/CVF Conference on Computer Vision and Pattern Recognition},
  pages={9172--9180},
  year={2019}
}
@inproceedings{wang2018non,
  title={Non-local neural networks},
  author={Wang, Xiaolong and Girshick, Ross and Gupta, Abhinav and He, Kaiming},
  booktitle={Proceedings of the IEEE conference on computer vision and pattern recognition},
  pages={7794--7803},
  year={2018}
}
@inproceedings{gregor2015draw,
  title={Draw: A recurrent neural network for image generation},
  author={Gregor, Karol and Danihelka, Ivo and Graves, Alex and Rezende, Danilo and Wierstra, Daan},
  booktitle={International conference on machine learning},
  pages={1462--1471},
  year={2015},
  organization={PMLR}
}
@article{mnih2014recurrent,
  title={Recurrent models of visual attention},
  author={Mnih, Volodymyr and Heess, Nicolas and Graves, Alex and others},
  journal={Advances in neural information processing systems},
  volume={27},
  year={2014}
}
@article{jaderberg2015spatial,
  title={Spatial transformer networks},
  author={Jaderberg, Max and Simonyan, Karen and Zisserman, Andrew and others},
  journal={Advances in neural information processing systems},
  volume={28},
  year={2015}
}
@article{vaswani2017attention,
  title={Attention is all you need},
  author={Vaswani, Ashish and Shazeer, Noam and Parmar, Niki and Uszkoreit, Jakob and Jones, Llion and Gomez, Aidan N and Kaiser, {\L}ukasz and Polosukhin, Illia},
  journal={Advances in neural information processing systems},
  volume={30},
  year={2017}
}
@article{devlin2018bert,
  title={Bert: Pre-training of deep bidirectional transformers for language understanding},
  author={Devlin, Jacob and Chang, Ming-Wei and Lee, Kenton and Toutanova, Kristina},
  journal={arXiv preprint arXiv:1810.04805},
  year={2018}
}
@article{brown2020language,
  title={Language models are few-shot learners},
  author={Brown, Tom and Mann, Benjamin and Ryder, Nick and Subbiah, Melanie and Kaplan, Jared D and Dhariwal, Prafulla and Neelakantan, Arvind and Shyam, Pranav and Sastry, Girish and Askell, Amanda and others},
  journal={Advances in neural information processing systems},
  volume={33},
  pages={1877--1901},
  year={2020}
}

@article{dosovitskiy2020image,
  title={An image is worth 16x16 words: Transformers for image recognition at scale},
  author={Dosovitskiy, Alexey and Beyer, Lucas and Kolesnikov, Alexander and Weissenborn, Dirk and Zhai, Xiaohua and Unterthiner, Thomas and Dehghani, Mostafa and Minderer, Matthias and Heigold, Georg and Gelly, Sylvain and others},
  journal={arXiv preprint arXiv:2010.11929},
  year={2020}
}
@inproceedings{carion2020end,
  title={End-to-end object detection with transformers},
  author={Carion, Nicolas and Massa, Francisco and Synnaeve, Gabriel and Usunier, Nicolas and Kirillov, Alexander and Zagoruyko, Sergey},
  booktitle={European conference on computer vision},
  pages={213--229},
  year={2020},
  organization={Springer}
}
@inproceedings{zhu2021deformable,
  title={Deformable transformers for end-to-end object detection},
  author={Zhu, X and Su, W and Lu, LW and Li, B and Wang, XG and Dai J F, Deformable DETR},
  booktitle={Proceedings of the 9th International Conference on Learning Representations. Virtual Event, Austria: OpenReview. net},
  year={2021}
}
@inproceedings{zheng2021rethinking,
  title={Rethinking semantic segmentation from a sequence-to-sequence perspective with transformers},
  author={Zheng, Sixiao and Lu, Jiachen and Zhao, Hengshuang and Zhu, Xiatian and Luo, Zekun and Wang, Yabiao and Fu, Yanwei and Feng, Jianfeng and Xiang, Tao and Torr, Philip HS and others},
  booktitle={Proceedings of the IEEE/CVF conference on computer vision and pattern recognition},
  pages={6881--6890},
  year={2021}
}
@article{xie2021segformer,
  title={SegFormer: Simple and efficient design for semantic segmentation with transformers},
  author={Xie, Enze and Wang, Wenhai and Yu, Zhiding and Anandkumar, Anima and Alvarez, Jose M and Luo, Ping},
  journal={Advances in Neural Information Processing Systems},
  volume={34},
  pages={12077--12090},
  year={2021}
}
@inproceedings{strudel2021segmenter,
  title={Segmenter: Transformer for semantic segmentation},
  author={Strudel, Robin and Garcia, Ricardo and Laptev, Ivan and Schmid, Cordelia},
  booktitle={Proceedings of the IEEE/CVF International Conference on Computer Vision},
  pages={7262--7272},
  year={2021}
}
@article{jin2021trseg,
  title={Trseg: Transformer for semantic segmentation},
  author={Jin, Youngsaeng and Han, David and Ko, Hanseok},
  journal={Pattern Recognition Letters},
  volume={148},
  pages={29--35},
  year={2021},
  publisher={Elsevier}
}
@inproceedings{zhu2021unified,
  title={A unified efficient pyramid transformer for semantic segmentation},
  author={Zhu, Fangrui and Zhu, Yi and Zhang, Li and Wu, Chongruo and Fu, Yanwei and Li, Mu},
  booktitle={Proceedings of the IEEE/CVF International Conference on Computer Vision},
  pages={2667--2677},
  year={2021}
}
@inproceedings{chen2021pre,
  title={Pre-trained image processing transformer},
  author={Chen, Hanting and Wang, Yunhe and Guo, Tianyu and Xu, Chang and Deng, Yiping and Liu, Zhenhua and Ma, Siwei and Xu, Chunjing and Xu, Chao and Gao, Wen},
  booktitle={Proceedings of the IEEE/CVF Conference on Computer Vision and Pattern Recognition},
  pages={12299--12310},
  year={2021}
}
@inproceedings{touvron2021training,
  title={Training data-efficient image transformers \& distillation through attention},
  author={Touvron, Hugo and Cord, Matthieu and Douze, Matthijs and Massa, Francisco and Sablayrolles, Alexandre and J{\'e}gou, Herv{\'e}},
  booktitle={International Conference on Machine Learning},
  pages={10347--10357},
  year={2021},
  organization={PMLR}
}
@article{han2021transformer,
  title={Transformer in transformer},
  author={Han, Kai and Xiao, An and Wu, Enhua and Guo, Jianyuan and Xu, Chunjing and Wang, Yunhe},
  journal={Advances in Neural Information Processing Systems},
  volume={34},
  pages={15908--15919},
  year={2021}
}
@inproceedings{lin2022cat,
  title={Cat: Cross attention in vision transformer},
  author={Lin, Hezheng and Cheng, Xing and Wu, Xiangyu and Shen, Dong},
  booktitle={2022 IEEE International Conference on Multimedia and Expo (ICME)},
  pages={1--6},
  year={2022},
  organization={IEEE}
}
@article{chu2021twins,
  title={Twins: Revisiting the design of spatial attention in vision transformers},
  author={Chu, Xiangxiang and Tian, Zhi and Wang, Yuqing and Zhang, Bo and Ren, Haibing and Wei, Xiaolin and Xia, Huaxia and Shen, Chunhua},
  journal={Advances in Neural Information Processing Systems},
  volume={34},
  pages={9355--9366},
  year={2021}
}
@inproceedings{liu2021swin,
  title={Swin transformer: Hierarchical vision transformer using shifted windows},
  author={Liu, Ze and Lin, Yutong and Cao, Yue and Hu, Han and Wei, Yixuan and Zhang, Zheng and Lin, Stephen and Guo, Baining},
  booktitle={Proceedings of the IEEE/CVF International Conference on Computer Vision},
  pages={10012--10022},
  year={2021}
}
@article{liu2021swinnet,
  title={SwinNet: Swin transformer drives edge-aware RGB-D and RGB-T salient object detection},
  author={Liu, Zhengyi and Tan, Yacheng and He, Qian and Xiao, Yun},
  journal={IEEE Transactions on Circuits and Systems for Video Technology},
  volume={32},
  number={7},
  pages={4486--4497},
  year={2021},
  publisher={IEEE}
}
@inproceedings{liu2022video,
  title={Video swin transformer},
  author={Liu, Ze and Ning, Jia and Cao, Yue and Wei, Yixuan and Zhang, Zheng and Lin, Stephen and Hu, Han},
  booktitle={Proceedings of the IEEE/CVF Conference on Computer Vision and Pattern Recognition},
  pages={3202--3211},
  year={2022}
}
@article{huang2022swin,
  title={Swin transformer for fast MRI},
  author={Huang, Jiahao and Fang, Yingying and Wu, Yinzhe and Wu, Huanjun and Gao, Zhifan and Li, Yang and Del Ser, Javier and Xia, Jun and Yang, Guang},
  journal={Neurocomputing},
  volume={493},
  pages={281--304},
  year={2022},
  publisher={Elsevier}
}
@article{cao2021swin,
  title={Swin-unet: Unet-like pure transformer for medical image segmentation},
  author={Cao, Hu and Wang, Yueyue and Chen, Joy and Jiang, Dongsheng and Zhang, Xiaopeng and Tian, Qi and Wang, Manning},
  journal={arXiv preprint arXiv:2105.05537},
  year={2021}
}
@article{ma2022swinfusion,
  title={SwinFusion: Cross-domain long-range learning for general image fusion via swin transformer},
  author={Ma, Jiayi and Tang, Linfeng and Fan, Fan and Huang, Jun and Mei, Xiaoguang and Ma, Yong},
  journal={IEEE/CAA Journal of Automatica Sinica},
  volume={9},
  number={7},
  pages={1200--1217},
  year={2022},
  publisher={IEEE}
}
@inproceedings{sharif2014cnn,
  title={CNN features off-the-shelf: an astounding baseline for recognition},
  author={Sharif Razavian, Ali and Azizpour, Hossein and Sullivan, Josephine and Carlsson, Stefan},
  booktitle={Proceedings of the IEEE conference on computer vision and pattern recognition workshops},
  pages={806--813},
  year={2014}
}
@inproceedings{gong2014multi,
  title={Multi-scale orderless pooling of deep convolutional activation features},
  author={Gong, Yunchao and Wang, Liwei and Guo, Ruiqi and Lazebnik, Svetlana},
  booktitle={European conference on computer vision},
  pages={392--407},
  year={2014},
  organization={Springer}
}
@inproceedings{gong2014multi,
  title={Multi-scale orderless pooling of deep convolutional activation features},
  author={Gong, Yunchao and Wang, Liwei and Guo, Ruiqi and Lazebnik, Svetlana},
  booktitle={European conference on computer vision},
  pages={392--407},
  year={2014},
  organization={Springer}
}
@article{razavian2016visual,
  title={Visual instance retrieval with deep convolutional networks},
  author={Razavian, Ali S and Sullivan, Josephine and Carlsson, Stefan and Maki, Atsuto},
  journal={ITE Transactions on Media Technology and Applications},
  volume={4},
  number={3},
  pages={251--258},
  year={2016},
  publisher={The Institute of Image Information and Television Engineers}
}
@inproceedings{morere2017nested,
  title={Nested invariance pooling and RBM hashing for image instance retrieval},
  author={Morere, Olivier and Lin, Jie and Veillard, Antoine and Duan, Ling-Yu and Chandrasekhar, Vijay and Poggio, Tomaso},
  booktitle={Proceedings of the 2017 ACM on International Conference on Multimedia Retrieval},
  pages={260--268},
  year={2017}
}
@article{li2016socializing,
  title={Socializing the semantic gap: A comparative survey on image tag assignment, refinement, and retrieval},
  author={Li, Xirong and Uricchio, Tiberio and Ballan, Lamberto and Bertini, Marco and Snoek, Cees GM and Bimbo, Alberto Del},
  journal={ACM Computing Surveys (CSUR)},
  volume={49},
  number={1},
  pages={1--39},
  year={2016},
  publisher={ACM New York, NY, USA}
}
@article{jimenez2017class,
  title={Class-weighted convolutional features for visual instance search},
  author={Jimenez, Albert and Alvarez, Jose M and Giro-i-Nieto, Xavier},
  journal={arXiv preprint arXiv:1707.02581},
  year={2017}
}
@inproceedings{lou2018multi,
  title={Multi-scale context attention network for image retrieval},
  author={Lou, Yihang and Bai, Yan and Wang, Shiqi and Duan, Ling-Yu},
  booktitle={Proceedings of the 26th ACM international conference on Multimedia},
  pages={1128--1136},
  year={2018}
}
@article{pang2018unifying,
  title={Unifying sum and weighted aggregations for efficient yet effective image representation computation},
  author={Pang, Shanmin and Xue, Jianru and Zhu, Jihua and Zhu, Li and Tian, Qi},
  journal={IEEE Transactions on Image Processing},
  volume={28},
  number={2},
  pages={841--852},
  year={2018},
  publisher={IEEE}
}
@article{chen2021deep,
  title={Deep Learning for Instance Retrieval: A Survey},
  author={Chen, Wei and Liu, Yu and Wang, Weiping and Bakker, Erwin and Georgiou, Theodoros and Fieguth, Paul and Liu, Li and Lew, Michael S},
  journal={arXiv preprint arXiv:2101.11282},
  year={2021}
}
@article{tolias2015particular,
  title={Particular object retrieval with integral max-pooling of CNN activations},
  author={Tolias, Giorgos and Sicre, Ronan and J{\'e}gou, Herv{\'e}},
  journal={arXiv preprint arXiv:1511.05879},
  year={2015}
}
@inproceedings{babenko2015aggregating,
  title={Aggregating local deep features for image retrieval},
  author={Babenko, Artem and Lempitsky, Victor},
  booktitle={Proceedings of the IEEE international conference on computer vision},
  pages={1269--1277},
  year={2015}
}
@inproceedings{kalantidis2016cross,
  title={Cross-dimensional weighting for aggregated deep convolutional features},
  author={Kalantidis, Yannis and Mellina, Clayton and Osindero, Simon},
  booktitle={European conference on computer vision},
  pages={685--701},
  year={2016},
  organization={Springer}
}
@article{radenovic2018fine,
  title={Fine-tuning CNN image retrieval with no human annotation},
  author={Radenovi{\'c}, Filip and Tolias, Giorgos and Chum, Ond{\v{r}}ej},
  journal={IEEE transactions on pattern analysis and machine intelligence},
  volume={41},
  number={7},
  pages={1655--1668},
  year={2018},
  publisher={IEEE}
}
@article{dollar2009integral,
  title={Integral channel features},
  author={Doll{\'a}r, Piotr and Tu, Zhuowen and Perona, Pietro and Belongie, Serge},
  year={2009},
  publisher={BMVC Press}
}
@inproceedings{li2016exploiting,
  title={Exploiting hierarchical activations of neural network for image retrieval},
  author={Li, Ying and Kong, Xiangwei and Zheng, Liang and Tian, Qi},
  booktitle={Proceedings of the 24th ACM international conference on Multimedia},
  pages={132--136},
  year={2016}
}
@inproceedings{mohedano2016bags,
  title={Bags of local convolutional features for scalable instance search},
  author={Mohedano, Eva and McGuinness, Kevin and O'Connor, Noel E and Salvador, Amaia and Marques, Ferran and Gir{\'o}-i-Nieto, Xavier},
  booktitle={Proceedings of the 2016 ACM on International Conference on Multimedia Retrieval},
  pages={327--331},
  year={2016}
}
@article{zheng2016accurate,
  title={Accurate image search with multi-scale contextual evidences},
  author={Zheng, Liang and Wang, Shengjin and Wang, Jingdong and Tian, Qi},
  journal={International Journal of Computer Vision},
  volume={120},
  number={1},
  pages={1--13},
  year={2016},
  publisher={Springer}
}
@inproceedings{gong2014multi,
  title={Multi-scale orderless pooling of deep convolutional activation features},
  author={Gong, Yunchao and Wang, Liwei and Guo, Ruiqi and Lazebnik, Svetlana},
  booktitle={European conference on computer vision},
  pages={392--407},
  year={2014},
  organization={Springer}
}
@inproceedings{yue2015exploiting,
  title={Exploiting local features from deep networks for image retrieval},
  author={Yue-Hei Ng, Joe and Yang, Fan and Davis, Larry S},
  booktitle={Proceedings of the IEEE conference on computer vision and pattern recognition workshops},
  pages={53--61},
  year={2015}
}
@article{jegou2011aggregating,
  title={Aggregating local image descriptors into compact codes},
  author={J{\'e}gou, Herv{\'e} and Perronnin, Florent and Douze, Matthijs and S{\'a}nchez, Jorge and P{\'e}rez, Patrick and Schmid, Cordelia},
  journal={IEEE transactions on pattern analysis and machine intelligence},
  volume={34},
  number={9},
  pages={1704--1716},
  year={2011},
  publisher={IEEE}
}
@article{sanchez2013image,
  title={Image classification with the fisher vector: Theory and practice},
  author={S{\'a}nchez, Jorge and Perronnin, Florent and Mensink, Thomas and Verbeek, Jakob},
  journal={International journal of computer vision},
  volume={105},
  number={3},
  pages={222--245},
  year={2013},
  publisher={Springer}
}
@inproceedings{babenko2014neural,
  title={Neural codes for image retrieval},
  author={Babenko, Artem and Slesarev, Anton and Chigorin, Alexandr and Lempitsky, Victor},
  booktitle={European conference on computer vision},
  pages={584--599},
  year={2014},
  organization={Springer}
}
@inproceedings{noh2017large,
  title={Large-scale image retrieval with attentive deep local features},
  author={Noh, Hyeonwoo and Araujo, Andre and Sim, Jack and Weyand, Tobias and Han, Bohyung},
  booktitle={Proceedings of the IEEE international conference on computer vision},
  pages={3456--3465},
  year={2017}
}
@inproceedings{cao2020unifying,
  title={Unifying deep local and global features for image search},
  author={Cao, Bingyi and Araujo, Andre and Sim, Jack},
  booktitle={European Conference on Computer Vision},
  pages={726--743},
  year={2020},
  organization={Springer}
}
@inproceedings{deng2019arcface,
  title={Arcface: Additive angular margin loss for deep face recognition},
  author={Deng, Jiankang and Guo, Jia and Xue, Niannan and Zafeiriou, Stefanos},
  booktitle={Proceedings of the IEEE/CVF conference on computer vision and pattern recognition},
  pages={4690--4699},
  year={2019}
}
@article{li2015feature,
  title={Feature learning based deep supervised hashing with pairwise labels},
  author={Li, Wu-Jun and Wang, Sheng and Kang, Wang-Cheng},
  journal={arXiv preprint arXiv:1511.03855},
  year={2015}
}
@article{ong2017siamese,
  title={Siamese network of deep fisher-vector descriptors for image retrieval},
  author={Ong, Eng-Jon and Husain, Sameed and Bober, Miroslaw},
  journal={arXiv preprint arXiv:1702.00338},
  year={2017}
}
@inproceedings{cao2016quartet,
  title={Quartet-net learning for visual instance retrieval},
  author={Cao, Jiewei and Huang, Zi and Wang, Peng and Li, Chao and Sun, Xiaoshuai and Shen, Heng Tao},
  booktitle={Proceedings of the 24th ACM international conference on Multimedia},
  pages={456--460},
  year={2016}
}
@article{wu2016personnet,
  title={Personnet: Person re-identification with deep convolutional neural networks},
  author={Wu, Lin and Shen, Chunhua and Hengel, Anton van den},
  journal={arXiv preprint arXiv:1601.07255},
  year={2016}
}
@article{zheng2017discriminatively,
  title={A discriminatively learned cnn embedding for person reidentification},
  author={Zheng, Zhedong and Zheng, Liang and Yang, Yi},
  journal={ACM transactions on multimedia computing, communications, and applications (TOMM)},
  volume={14},
  number={1},
  pages={1--20},
  year={2017},
  publisher={ACM New York, NY, USA}
}